@manual{GCCman,
 title        = "Using the GNU Compiler Collection",
 author       = "Richard M. Stallman and the GCC Developer Community",
 organization = "Free Software Foundation",
 edition      = "4.6.3"
}

@inproceedings{Hunt99,
 author    = {Hunt, Galen and Brubacher, Doug},
 title     = {Detours: binary interception of Win32 functions},
 booktitle = {Proceedings of the 3rd conference on USENIX Windows NT Symposium - Volume 3},
 year      = {1999},
 location  = {Seattle, Washington},
 pages     = {14--14},
 numpages  = {1},
 url       = {http://dl.acm.org/citation.cfm?id=1268427.1268441},
 acmid     = {1268441},
 publisher = {USENIX Association},
 address   = {Berkeley, CA, USA},
}
 
@unpublished{Seward02,
 author = {Seward, Julian},
 title  = {The design and implementation of Valgrind},
 note   = {},
 year   = {2002},
}

@unpublished{Nethercote12,
 author = {Nethercote, Nicholas},
 title  = {Notes on Reducing Firefox's Memory Consumption},
 note   = {Presentation given at linux.conf.au conference},
 year   = {2012},
}

@book{Silberschatz08,
 author    = {Silberschatz, Abraham and Galvin, Peter Baer and Gagne, Greg},
 title     = {Operating System Concepts},
 year      = {2008},
 isbn      = {0470128720},
 edition   = {8th},
 publisher = {Wiley Publishing},
}

@book{Tanenbaum07,
 author    = {Tanenbaum, Andrew S.},
 title     = {Modern Operating Systems},
 year      = {2007},
 isbn      = {9780136006633},
 edition   = {3rd},
 publisher = {Prentice Hall Press},
 address   = {Upper Saddle River, NJ, USA},
} 
 
@unpublished{Drepper07,
 author = {Drepper, Ulrich},
 title  = {What Every Programmer Should Know About Memory},
 note   = {series of articles published on lwn.net},
 year   = {2007},
}

@inproceedings{Wilson95,
 author    = {Wilson, Paul R. and Johnstone, Mark S. and Neely, Michael and Boles, David},
 title     = {Dynamic Storage Allocation: A Survey and Critical Review},
 booktitle = {Proceedings of the International Workshop on Memory Management},
 series    = {IWMM '95},
 year      = {1995},
 isbn      = {3-540-60368-9},
 pages     = {1--116},
 numpages  = {116},
 url       = {http://dl.acm.org/citation.cfm?id=645647.664690},
 acmid     = {664690},
 publisher = {Springer-Verlag},
 address   = {London, UK},
} 

@article{Detlefs94,
 author    = {Detlefs, David and Dosser, Al and Zorn, Benjamin},
 title     = {Memory allocation costs in large C and C++ programs},
 journal   = {Softw. Pract. Exper.},
 volume    = {24},
 issue     = {6},
 month     = {June},
 year      = {1994},
 issn      = {0038-0644},
 pages     = {527--542},
 numpages  = {16},
 url       = {http://dl.acm.org/citation.cfm?id=194963.189066},
 doi       = {10.1002/spe.4380240602},
 acmid     = {189066},
 publisher = {John Wiley \& Sons, Inc.},
 address   = {New York, NY, USA},
 keywords  = {conservative collection, dynamic memory management, dynamic storage allocation, garbage collection, performance evaluation},
} 

@misc{GCCasmgoto,
 author = {Henderson, Richard},
 note   = {Beginning of discussions to introduce asm goto into GCC},
}

@inproceedings{Cantrill04,
 author = {Cantrill, Bryan M. and Shapiro, Michael W. and Leventhal, Adam H.},
 title = {Dynamic instrumentation of production systems},
 booktitle = {Proceedings of the annual conference on USENIX Annual Technical Conference},
 series = {ATEC '04},
 year = {2004},
 location = {Boston, MA},
 pages = {2--2},
 numpages = {1},
 url = {http://dl.acm.org/citation.cfm?id=1247415.1247417},
 acmid = {1247417},
 publisher = {USENIX Association},
 address = {Berkeley, CA, USA},
}

@inproceedings{Kessler90,
 author = {Kessler, Peter B.},
 title = {Fast breakpoints: design and implementation},
 booktitle = {Proceedings of the ACM SIGPLAN 1990 conference on Programming language design and implementation},
 series = {PLDI '90},
 year = {1990},
 isbn = {0-89791-364-7},
 location = {White Plains, New York, United States},
 pages = {78--84},
 numpages = {7},
 url = {http://doi.acm.org/10.1145/93542.93555},
 doi = {http://doi.acm.org/10.1145/93542.93555},
 acmid = {93555},
 publisher = {ACM},
 address = {New York, NY, USA},
}

@phd{Desnoyers09,
 author = {Mathieu Desnoyers},
 title = {Low-impact Operating System Tracing},
 year = {2009},
 school = {Universite de Montreal},
}
